%% This BibTeX bibliography file was created using BibDesk.
%% http://bibdesk.sourceforge.net/


%% Created for Lauro Cesar Araujo at 2013-08-21 10:57:09 -0300


%% Saved with string encoding Unicode (UTF-8)

%%%%%%%%%%%%%%%%%%%%%%%%%%%%%%%%%%%%%%%%%%%%%%%%%%%%%%%%
@misc{hubble-missions,
  title        = {National Aeronautics and Space Administration - NASA},
  author       = {{National Aeronautics and Space Administration - NASA}},
  howpublished = {\url{nasa.gov/mission_pages/hubble/servicing/index.html}},
  year         = 2021,
  note         = {Acessado em 30/08/2021}
},



@misc{cubesat,
  title        = {What is a CubeSat},
  author       = {{Canadian Space Agency - CSA}},
  howpublished = {\url{asc-csa.gc.ca/eng/satellites/cubesat/what-is-a-cubesat.asp}},
  year         = 2018,
  note         = {Acessado em 30/08/2021}
},

@misc{gh-actions,
  title        = {GitHub Actions},
  author       = {{GitHub}},
  howpublished = {\url{github.com/features/actions}},
  year         = {n.d.},
  note         = {Acessado em 01/09/2021}
},

@misc{obdh2-github,
  title        = {On-Board Data Handling 2.0},
  author       = {{SpaceLab}},
  howpublished = {\url{https://github.com/spacelab-ufsc/obdh2}},
  year         = {2020},
  note         = {Acessado em 11/03/2022}
},

@misc{eps2-github,
  title        = {Electrical Power System 2.0},
  author       = {{SpaceLab}},
  howpublished = {\url{https://github.com/spacelab-ufsc/eps2}},
  year         = {2020},
  note         = {Acessado em 11/03/2022}
},

@misc{nanosats-database,
  title        = {Nanosats Database},
  author       = {{Kulu, Erik}},
  howpublished = {\url{https://www.nanosats.eu/}},
  year         = {2021},
  note         = {Acessado em 08/09/2021}
},

@misc{floripasat2,
  title        = {FloripaSat-2 Doc},
  author       = {{SpaceLab - UFSC}},
  howpublished = {\url{https://spacelab-ufsc.github.io/floripasat2-doc/slb-fsat2-doc-v0.2.pdf}},
  year         = 2021,
  note         = {Acessado em 30/08/2021}
},

@misc{floripasat-1,
  title        = {FloripaSat-1 - A Brazilian Cubesat mission, developed by university students.},
  author       = {{SpaceLab - UFSC}},
  howpublished = {\url{https://floripasat.ufsc.br/}},
  year         = 2020,
  note         = {Acessado em 08/09/2021}
},

@misc{mars-cubesat,
  title        = {Mars Cube One (MarCO)},
  author       = {JPL},
  howpublished = {\url{https://www.jpl.nasa.gov/missions/mars-cube-one-marco}},
  year         = 2018,
  note         = {Acessado em 21/02/2022}
},

@misc{istsat-1,
  title        = {ISTSat-1},
  author       = {},
  howpublished = {\url{https://istsat-one.tecnico.ulisboa.pt/~istsat-one.daemon/}},
  year         = 2021,
  note         = {Acessado em 28/02/2022}
},


@article{aiv-cubesat,
  author         = {Monteiro, João P. and Rocha, Rui M. and Silva, Alexandre and Afonso, Rúben and Ramos, Nuno},
  title          = {Integration and Verification Approach of ISTSat-1 CubeSat},
  journal        = {Aerospace},
  volume         = {6},
  year           = {2019},
  number         = {12},
  article-number = {131},
  url            = {https://www.mdpi.com/2226-4310/6/12/131},
  issn           = {2226-4310},
  doi            = {10.3390/aerospace6120131}
},

@manual{cubesat-spec,
  title        = {CubeSat Design Specification (1U – 12U) REV 14 CP-CDS-R14},
  author       = {Johnstone, Alicia},
  organization = {Cal Poly},
  address      = {San Luis Obispo, CA, EUA},
  year         = {2020}
},

@article{alanazi2019,
  author         = {Alanazi, Abdulaziz and Straub, Jeremy},
  title          = {Engineering Methodology for Student-Driven CubeSats},
  journal        = {Aerospace},
  volume         = {6},
  year           = {2019},
  number         = {5},
  article-number = {54},
  url            = {https://www.mdpi.com/2226-4310/6/5/54},
  issn           = {2226-4310},
  doi            = {10.3390/aerospace6050054}
},

@inproceedings{panga2016,
  title     = {Boom of the CubeSat: A Statistic Survey of CubeSats Launch in 2003--2015},
  author    = {Panga, WJ and Bo, B and Meng, X and Yu, XZ and Guo, J and Zhou, J},
  booktitle = {Proceedings of the 67th International Astronautical Congress (IAC), Guadalajara, Mexico},
  pages     = {26--30},
  year      = {2016}
},

@mastersthesis{burt2011,
  author = {Burt, Robert},
  title  = {Distributed Electrical power systems in cubesat applications},
  school = {Utah State University},
  year   = 2011
},

@article{marcelino2020-1,
  author  = {Marcelino, Gabriel Mariano and Vega-Martinez, Sara and Seman, Laio Oriel and Kessler Slongo, Leonardo and Bezerra, Eduardo Augusto},
  journal = {"IEEE Latin America Transactions"},
  title   = {"A Critical Embedded System Challenge: The FloripaSat-1 Mission"},
  year    = {2020},
  volume  = {18},
  number  = {02},
  url     = {https://ieeexplore.ieee.org/document/9085277},
  pages   = {249-256},
  doi     = {10.1109/TLA.2020.9085277}
},


@article{marcelino2020-2,
  author  = {"Marcelino, Gabriel Mariano and Morsch, Filho Edemar and Vega-Martinez Sara and Pio, De Mattos André Martins and Oriel, Seman Laio and Kessler, Slongo Leonardo and Augusto, Bezerra Eduardo"},
  journal = {"Journal of Systems Engineering and Electronics"},
  title   = {"Qualification and validation test methodology of the open-source CubeSat FloripaSat-I"},
  year    = {2020},
  url     = {https://ieeexplore.ieee.org/document/9316404},
  volume  = {31},
  number  = {6},
  pages   = {1230-1244},
  doi     = {10.23919/JSEE.2020.000103}
},

@article{marcelino2021,
  title    = {In-orbit preliminary results from the open-source educational nanosatellite FloripaSat-I},
  journal  = {Acta Astronautica},
  volume   = {188},
  pages    = {64-80},
  year     = {2021},
  issn     = {0094-5765},
  doi      = {https://doi.org/10.1016/j.actaastro.2021.07.001},
  url      = {https://www.sciencedirect.com/science/article/pii/S0094576521003489},
  author   = {Gabriel Mariano Marcelino and Edemar {Morsch Filho} and Sara Vega Martinez and Laio Oriel Seman and Eduardo Augusto Bezerra},
  keywords = {Aerospace engineering, Cubesats, Embedded systems, In-orbit validation, Flight heritage, Nanosatellites}
},

 @book{software-automation,
  title     = {Software test automation},
  author    = {Fewster, Mark and Graham, Dorothy},
  year      = {1999},
  publisher = {Addison-Wesley Reading}
},

@book{ecss-software-engineering,
  title     = {Space engineering - Software engineering Handbook},
  author    = {European Cooperation for Space Standardization},
  year      = {2012},
  publisher = {ESA Requirements and Standards Division}
},


@book{devops-handbook,
  title     = {The DevOps Handbook: How to Create World-Class Agility, Reliability, and Security in Technology Organizations},
  author    = {Gene Kim, Jez Humble, Patric Debois, and John Willis},
  publisher = {IT Revolution},
  isbn      = {978-1942788003},
  year      = {2016},
  series    = {},
  edition   = {1},
  volume    = {}
},

@book{engenharia-software,
  title     = {Engenharia de Software: Conceitos e Práticas},
  author    = {Raul Sidnei Wazlawick},
  publisher = {Elsevier},
  isbn      = {978-8535260847},
  year      = {2019},
  series    = {},
  edition   = {2},
  volume    = {}
},

@book{practitioner-guide,
  title     = {A practitioner's guide to software test design},
  author    = {Copeland, Lee},
  year      = {2004},
  publisher = {Artech House}
},

@article{ieee-610,
  author  = {},
  journal = {IEEE Std 610.12-1990},
  title   = {IEEE Standard Glossary of Software Engineering Terminology},
  year    = {1990},
  volume  = {},
  number  = {},
  pages   = {1-84},
  doi     = {10.1109/IEEESTD.1990.101064}
},

 @article{ieeestd-829,
  author  = {},
  journal = {IEEE Std 829-1983},
  title   = {IEEE Standard for Software Test Documentation},
  year    = {1983},
  volume  = {},
  number  = {},
  pages   = {1-48},
  doi     = {10.1109/IEEESTD.1983.81615}
}
